@article{whiting:2009,
  author    = {Emily Whiting and John Ochsendorf and Fr{\'e}do Durand},
  title     = {Procedural Modeling of Structurally-Sound Masonry Buildings},
  journal   = {ACM Transactions on Graphics},
  volume    = {28},
  number    = {5},
  year      = {2009},
  pages     = {112},
}

@INPROCEEDINGS{Carnegie02creatingmodels,
    author = {Jeffrey Smith Carnegie and Jeffrey Smith},
    title = {Creating Models of Truss Structures with Optimization},
    booktitle = {Contemporary Mathematics},
    year = {2002},
    pages = {101--136},
    publisher = {American Mathematical Society}
}



@misc{img:bending,
 author = "Daniel De Leon Martinez",
 year = 2006,
 title = "Bending",
 note = "{\url+http://en.wikipedia.org/wiki/File:Bending.png+}",
 howpublished = "Online Image"
}

@misc{img:isler_service,
 author = "Chriusha",
 year = 2009,
 title = "Deitingen Sued Raststaette, Schalendach 04 09",
 note = "{\url+http://commons.wikimedia.org/wiki/File:Deitingen_Sued_Raststaette,_Schalendach_04_09.jpg+}",
 howpublished = "Online Image"
}

@misc{img:twa_jfk,
 author = "Marc N. Weissman",
 year = 2004,
 title = "08terminal5",
 note = "{\url+http://en.wikipedia.org/wiki/File:08terminal5.jpg+}",
 howpublished = "Online Image"
}

@misc{img:kresge_aud,
 author = "Ibn Battuta",
 year = 2007,
 title = "Kresge Auditorium, MIT (view with Green Building)",
 note = "{\url+http://en.wikipedia.org/wiki/File:Kresge_Auditorium,_MIT_%28view_with_Green_Building%29.JPG+}",
 howpublished = "Online Image"
}

@misc{img:montreal_bio,
 author = "Philipp Hienstorfer",
 year = 2007,
 title = "Biosphere montreal",
 note = "{\url+http://en.wikipedia.org/wiki/File:Biosphere_montreal.JPG+}",
 howpublished = "Online Image"
}

@misc{img:thrust,
 author = "John Ochsendorf",
 year = 2010,
 title = "Interactive Thrust Screenshot",
 note = "{\url+http://web.mit.edu/masonry/interactiveThrust/applets/applet01.html+}",
 howpublished = "Screenshot of Online Applet"
}

@misc{img:gateway_arch,
 author = "David K. Staub",
 year = 2006,
 title = "Gateway Arch",
 note = "{\url+http://en.wikipedia.org/wiki/File:Gateway_Arch.jpg+}",
 howpublished = "Online Image"
}

@misc{img:catenary,
 author = "Geek3",
 year = 2009,
 title = "Catenary=pm",
 note = "{\url+http://en.wikipedia.org/wiki/File:Catenary-pm.svg+}",
 howpublished = "Online Image"
}



@inproceedings{Carr:2002:TRE,
 author = "Nathan A. Carr and Jesse D. Hall and John C. Hart",
 title = "The Ray Engine",
 year = "2002",
 month = sep,
 booktitle = "Graphics Hardware 2002",
 pages = "37--46",
}

@article{Walter:2005:LAS,
 author = "Bruce Walter and Sebastian Fernandez and Adam
   Arbree and Kavita Bala and Michael Donikian and
   Donald P. Greenberg",
 title = "Lightcuts: a scalable approach to illumination",
 year = "2005",
 month = aug,
 journal = "ACM Transactions on Graphics",
 volume = "24",
 number = "3",
 pages = "1098--1107",
}

@book{107217,
 author = {Alan Watt and Mark Watt},
 title = {Advanced animation and rendering techniques},
 year = {1991},
 isbn = {0-201-54412-1},
 publisher = {ACM Press},
 address = {New York, NY, USA},
}

@misc{revit,
 note = "{\url+http://usa.autodesk.com/adsk/servlet/index?id=3781831&siteID=123112+}",
 author = "{Autodesk}",
 year = 2008,
 title = "{Revit Architecture}"
}